<record><leader>00000cas a22000007a 4500</leader><controlfield tag="001">18545883</controlfield><controlfield tag="008">880929d19001909nduwr ne      0    0eng d</controlfield><datafield ind1=" " ind2=" " tag="010"><subfield code="a">sn 88076657 </subfield></datafield><datafield ind1=" " ind2=" " tag="040"><subfield code="a">NOP</subfield><subfield code="b">eng</subfield><subfield code="c">NOP</subfield><subfield code="d">OCLCQ</subfield></datafield><datafield ind1=" " ind2=" " tag="042"><subfield code="a">msc</subfield></datafield><datafield ind1="0" ind2="4" tag="245"><subfield code="a">The Granville record.</subfield></datafield><datafield ind1=" " ind2=" " tag="260"><subfield code="a">Granville, McHenry County, N.D. :</subfield><subfield code="b">Ed. T. Pierson</subfield></datafield><datafield ind1=" " ind2=" " tag="300"><subfield code="a">v. :</subfield><subfield code="b">ill. ;</subfield><subfield code="c">56-60 cm.</subfield></datafield><datafield ind1=" " ind2=" " tag="310"><subfield code="a">Weekly</subfield></datafield><datafield ind1="1" ind2=" " tag="362"><subfield code="a">Began in 1900; ceased Oct. 1, 1909.</subfield></datafield><datafield ind1=" " ind2=" " tag="500"><subfield code="a">Special "Mouse River Valley Number" issue published Mar. 18, 1904.</subfield></datafield><datafield ind1=" " ind2=" " tag="500"><subfield code="a">"Official paper for McHenry County", 1903-1908.</subfield></datafield><datafield ind1=" " ind2=" " tag="525"><subfield code="a">Includes colored magazine and comics section, 1907.</subfield></datafield><datafield ind1=" " ind2=" " tag="530"><subfield code="a">Available on microfilm from the State Historical Society of North Dakota.</subfield></datafield><datafield ind1=" " ind2=" " tag="588"><subfield code="a">Description based on: Vol. 3, no. 23 (Dec. 18, 1903).</subfield></datafield><datafield ind1=" " ind2=" " tag="752"><subfield code="a">United States</subfield><subfield code="b">North Dakota</subfield><subfield code="c">McHenry</subfield><subfield code="d">Granville.</subfield></datafield><datafield ind1="0" ind2="4" tag="785"><subfield code="t">Herald (Granville, N.D.)</subfield><subfield code="w">(DLC)sn 88076655</subfield></datafield></record>